@misc{cve20191579,
  title = {{CVE-2019-1579 - Pan-os}},
  howpublished = {\url{https://www.cvedetails.com/cve/CVE-2019-1579/}},
  year = {2019},
  note = {Accessed: 2025}
}

@misc{threatpost2019,
  title = {{Critical RCE Flaw in Palo Alto Gateways Hits Uber}},
  author = {{Threatpost}},
  howpublished = {\url{https://threatpost.com/critical-rce-flaw-palo-alto-gateways-uber/146606/}},
  year = {2019},
  note = {Accessed: 2025}
}

@misc{securityaffairs2019,
  title = {{Experts found critical RCE in Palo Alto Networks GlobalProtect Product}},
  author = {{Security Affairs}},
  howpublished = {\url{https://securityaffairs.com/88770/hacking/palo-alto-networks-globalprotect-rce.html}},
  year = {2019},
  note = {Accessed: 2025}
}

@misc{fortra2020,
  title = {{CVE-2020-2021 Palo Alto Networks PAN-OS}},
  author = {{Fortra}},
  howpublished = {\url{https://www.fortra.com/blog/cve-2020-2021-palo-alto-networks-pan-os}},
  year = {2020},
  note = {Accessed: 2025}
}

@misc{portswigger2020,
  title = {{Exploit developed for critical Palo Alto authentication flaw}},
  author = {{PortSwigger}},
  howpublished = {\url{https://portswigger.net/daily-swig/exploit-developed-for-critical-palo-alto-authentication-flaw}},
  year = {2020},
  note = {Accessed: 2025}
}

@misc{cisapalo2024,
  title = {{CISA Warns of Critical Fortinet Flaw as Palo Alto and Cisco Issue}},
  author = {{The Hacker News}},
  howpublished = {\url{https://thehackernews.com/2024/10/cisa-warns-of-critical-fortinet-flaw-as.html}},
  year = {2024},
  note = {Accessed: 2025}
}

@misc{twic2024,
  title = {{This Week in Cybersecurity (TWiC): Exploit Surge – Palo Alto, Fortinet, SonicWall, and CISA}},
  author = {{nGuard}},
  howpublished = {\url{https://nguard.com/sa-this-week-in-cybersecurity-exploit-surge-palo-alto-fortinet-sonicwall-and-cisa/}},
  year = {2024},
  note = {Accessed: 2025}
}

@misc{cve20243400,
  title = {{Palo Alto Networks warns firewall vulnerability is under active exploitation}},
  author = {{Cybersecurity Dive}},
  howpublished = {\url{https://www.cybersecuritydive.com/news/palo-alto-networks-firewall-exploitation/740193/}},
  year = {2024},
  note = {Accessed: 2025}
}

@misc{cybersecuritydive2024,
  title = {{Palo Alto Networks warns firewall vulnerability is under active exploitation}},
  author = {{Cybersecurity Dive}},
  howpublished = {\url{https://www.cybersecuritydive.com/news/palo-alto-networks-firewall-exploitation/740193/}},
  year = {2024},
  note = {Accessed: 2025}
}

@misc{theregister2024,
  title = {{Mystery Palo Alto Networks 0-day RCE now actively exploited}},
  author = {{The Register}},
  howpublished = {\url{https://www.theregister.com/2024/11/15/palo_alto_networks_firewall_zeroday/}},
  year = {2024},
  note = {Accessed: 2025}
}

@misc{cve20240012,
  title = {{Mystery Palo Alto Networks 0-day RCE now actively exploited}},
  author = {{The Register}},
  howpublished = {\url{https://www.theregister.com/2024/11/15/palo_alto_networks_firewall_zeroday/}},
  year = {2024},
  note = {Accessed: 2025}
}

@misc{paloalto2024,
  title = {{Mystery Palo Alto Networks 0-day RCE now actively exploited}},
  author = {{The Register}},
  howpublished = {\url{https://www.theregister.com/2024/11/15/palo_alto_networks_firewall_zeroday/}},
  year = {2024},
  note = {Accessed: 2025}
}

@misc{securityweek2024,
  title = {{Hackers Exploit Palo Alto Firewall Vulnerability Day After Disclosure}},
  author = {{SecurityWeek}},
  howpublished = {\url{https://www.securityweek.com/hackers-exploit-palo-alto-firewall-vulnerability-day-after-disclosure/}},
  year = {2024},
  note = {Accessed: 2025}
}

@misc{hackersexploit2024,
  title = {{Hackers Exploit Palo Alto Firewall Vulnerability Day After Disclosure}},
  author = {{SecurityWeek}},
  howpublished = {\url{https://www.securityweek.com/hackers-exploit-palo-alto-firewall-vulnerability-day-after-disclosure/}},
  year = {2024},
  note = {Accessed: 2025}
}

@misc{bleepingcomputer2022,
  title = {{Hackers leak configs and VPN credentials for 15,000 FortiGate devices}},
  author = {{BleepingComputer}},
  howpublished = {\url{https://www.bleepingcomputer.com/news/security/hackers-leak-configs-and-vpn-credentials-for-15-000-fortigate-devices/}},
  year = {2022},
  note = {Accessed: 2025}
}

@misc{nvd20196693,
  title = {{CVE-2019-6693 Detail - NVD}},
  author = {{National Vulnerability Database}},
  howpublished = {\url{https://nvd.nist.gov/vuln/detail/CVE-2019-6693}},
  year = {2019},
  note = {Accessed: 2025}
}

@misc{cisafortios2025,
  title = {{CISA Warns of FortiOS Hard-Coded Credentials Vulnerability}},
  author = {{Cybersecurity News}},
  howpublished = {\url{https://cybersecuritynews.com/fortinet-fortios-hard-coded-credentials-vulnerability/}},
  year = {2025},
  note = {Accessed: 2025}
}

@misc{cybergc2020,
  title = {{Exploitation of Fortinet FortiOS vulnerabilities (CISA, FBI) - update 1}},
  author = {{Cyber.gc.ca}},
  howpublished = {\url{https://www.cyber.gc.ca/en/alerts/exploitation-fortinet-fortios-vulnerabilities-cisa-fbi}},
  year = {2020},
  note = {Accessed: 2025}
}

@misc{securityweek2022,
  title = {{Data From 15000 Fortinet Firewalls Leaked by Hackers}},
  author = {{SecurityWeek}},
  howpublished = {\url{https://www.securityweek.com/data-from-15000-fortinet-firewalls-leaked-by-hackers/}},
  year = {2022},
  note = {Accessed: 2025}
}

@misc{fortinetvuln2023,
  title = {{This Week in Cybersecurity (TWiC): Exploit Surge – Palo Alto, Fortinet, SonicWall, and CISA}},
  author = {{nGuard}},
  howpublished = {\url{https://nguard.com/sa-this-week-in-cybersecurity-exploit-surge-palo-alto-fortinet-sonicwall-and-cisa/}},
  year = {2023},
  note = {Accessed: 2025}
}

@misc{bleepingcomputer2025,
  title = {{Over 16,000 Fortinet devices compromised with symlink backdoor}},
  author = {{BleepingComputer}},
  howpublished = {\url{https://www.bleepingcomputer.com/news/security/over-16-000-fortinet-devices-compromised-with-symlink-backdoor/}},
  year = {2025},
  note = {Accessed: 2025}
}

@misc{fortinet27997,
  title = {{Analysis of CVE-2023-27997 and Clarifications on Volt Typhoon Campaign}},
  author = {{Fortinet}},
  howpublished = {\url{https://www.fortinet.com/blog/psirt-blogs/analysis-of-cve-2023-27997-and-clarifications-on-volt-typhoon-campaign}},
  year = {2023},
  note = {Accessed: 2025}
}

@misc{cybergc27997,
  title = {{Alert – Vulnerability impacting FortiGate/FortiOS (CVE-2023-27997)}},
  author = {{Cyber.gc.ca}},
  howpublished = {\url{https://www.cyber.gc.ca/en/alerts-advisories/vulnerability-impacting-fortigatefortios-cve-2023-27997}},
  year = {2023},
  note = {Accessed: 2025}
}

@misc{fortinetthreat2025,
  title = {{Analysis of Threat Actor Activity | Fortinet Blog}},
  author = {{Fortinet}},
  howpublished = {\url{https://www.fortinet.com/blog/psirt-blogs/analysis-of-threat-actor-activity}},
  year = {2025},
  note = {Accessed: 2025}
}

@misc{pa3400datasheet,
  title = {{PA-3400 Series Datasheet}},
  author = {{Palo Alto Networks}},
  howpublished = {\url{https://www.paloguard.com/datasheets/pa-3400-series.pdf}},
  year = {2024},
  note = {Accessed: 2025}
}

@misc{fortinetgartner2023,
  title = {{Fortinet and Palo Alto Networks are leaders in Gartner Magic Quadrant for Network Firewalls}},
  author = {{IEEE Communications Society}},
  howpublished = {\url{https://techblog.comsoc.org/2023/01/15/fortinet-and-palo-alto-networks-are-leaders-in-gartner-magic-quadrant-for-network-firewalls/}},
  year = {2023},
  note = {Accessed: 2025}
}

@misc{gartnerquadrant2023,
  title = {{Gartner Magic Quadrant Archives - Palo Alto Networks Blog}},
  author = {{Palo Alto Networks}},
  howpublished = {\url{https://www.paloaltonetworks.com/blog/tag/gartner-magic-quadrant/}},
  year = {2023},
  note = {Accessed: 2025}
}

@misc{nsslabs2019,
  title = {{Fortinet Next-Generation Firewall versus Palo Alto Networks NGFW}},
  author = {{Fortinet}},
  howpublished = {\url{https://www.fortinet.com/products/next-generation-firewall/fortigate-vs-pan}},
  year = {2019},
  note = {Accessed: 2025}
}

@misc{cyberratings2023,
  title = {{CyberRatings Enterprise Firewall Comparative Report}},
  author = {{CyberRatings}},
  howpublished = {\url{https://www.exclusive-networks.com/nl/wp-content/uploads/sites/21/2023/05/CyberRatings_Enterprise-Firewall_Comparative-Report_April2023.pdf}},
  year = {2023},
  note = {Accessed: 2025}
}

@misc{cyberratings2023exclusivenetworks,
  title = {{CyberRatings Enterprise Firewall Comparative Report}},
  author = {{Exclusive Networks}},
  howpublished = {\url{https://www.exclusive-networks.com/nl/wp-content/uploads/sites/21/2023/05/CyberRatings_Enterprise-Firewall_Comparative-Report_April2023.pdf}},
  year = {2023},
  note = {Accessed: 2025}
}

@misc{gartnerpeer2024,
  title = {{FortiGate: Next Generation Firewall (NGFW) vs PA-Series - Gartner}},
  author = {{Gartner Peer Insights}},
  howpublished = {\url{https://www.gartner.com/reviews/market/network-firewalls/compare/product/fortigate-next-generation-firewall-ngfw-vs-pa-series}},
  year = {2024},
  note = {Accessed: 2025}
}

@misc{pa3420cdw,
  title = {{Palo Alto Networks PA-3420 Next-Gen Firewall}},
  author = {{Corporate Armor}},
  howpublished = {\url{https://www.corporatearmor.com/product/palo-alto-networks-pa-3420-next-gen-firewall/}},
  year = {2024},
  note = {Accessed: 2025}
}

@misc{fortigate201gspec,
  title = {{Fortinet FortiGate 201G Series}},
  author = {{AVFirewalls}},
  howpublished = {\url{https://www.avfirewalls.com/FortiGate-201G.asp}},
  year = {2024},
  note = {Accessed: 2025}
}

@misc{fortigate201g,
  title = {{Fortinet FortiGate 201G Series | AVFirewalls.com}},
  author = {{AVFirewalls}},
  howpublished = {\url{https://www.avfirewalls.com/FortiGate-201G.asp}},
  year = {2024},
  note = {Accessed: 2025}
}

@misc{fortigate601f,
  title = {{Fortinet FortiGate 601F | AVFirewalls.com}},
  author = {{AVFirewalls}},
  howpublished = {\url{https://www.avfirewalls.com/FortiGate-601F.asp}},
  year = {2024},
  note = {Accessed: 2025}
}

@misc{fortigate600fseries,
  title = {{FortiGate 600F Series Data Sheet}},
  author = {{Fortinet}},
  howpublished = {\url{https://www.enbitcon.com/media/79/c3/82/1659335969/fortigate-600f-series.pdf}},
  year = {2024},
  note = {Accessed: 2025}
}

@misc{fortigate601fallfirewalls,
  title = {{FortiGate-601F (FG-601F) | Buy for less with consulting and support}},
  author = {{AllFirewalls}},
  howpublished = {\url{https://www.allfirewalls.de/en/Brands/Fortinet/FortiGate-Firewalls/Mid-Range-Firewalls/FG-601F-FortiGate-601F.html}},
  year = {2024},
  note = {Accessed: 2025}
}

@misc{paloaltoatp2024,
  title = {{Advanced Threat Prevention: Support for Zero-day Exploit Prevention}},
  author = {{Palo Alto Networks}},
  howpublished = {\url{https://docs.paloaltonetworks.com/whats-new/new-features/may-2024/atp-support-for-zero-day-exploit-prevention}},
  year = {2024},
  note = {Accessed: 2025}
}

@misc{exnpanuk2024,
  title = {{EXN PAN UK April 2024 GBP Pricelist}},
  author = {{Exclusive Networks}},
  howpublished = {\url{https://assets.applytosupply.digitalmarketplace.service.gov.uk/g-cloud-14/documents/92331/428618805667936-pricing-document-2024-05-01-1317.pdf}},
  year = {2024},
  note = {Accessed: 2025}
}

@misc{redditpalopricing,
  title = {{Palo Alto pricing : r/networking - Reddit}},
  author = {{Reddit Community}},
  howpublished = {\url{https://www.reddit.com/r/networking/comments/1jqjaws/palo_alto_pricing/}},
  year = {2024},
  note = {Accessed: 2025}
}

@misc{paloaltopanext,
  title = {{Palo Alto Networks PA-3400 Series PA-3420 - security appliance}},
  author = {{CDW}},
  howpublished = {\url{https://www.cdw.com/product/palo-alto-networks-pa-3400-series-pa-3420-security-appliance/6895618}},
  year = {2024},
  note = {Accessed: 2025}
}

@misc{fortigate201gavfirewalls,
  title = {{Fortinet FortiGate 201G Series}},
  author = {{AVFirewalls}},
  howpublished = {\url{https://www.avfirewalls.com/FortiGate-201G.asp}},
  year = {2024},
  note = {Accessed: 2025}
}

@misc{fortinetbundles2024,
  title = {{Fortinet FortiGate Bundles and Licensing}},
  author = {{Fortinet}},
  year = {2024},
  note = {Various bundle options including UTP and Enterprise Protection}
}

@misc{comparisontable,
  title = {{3-Year TCO Comparison Analysis}},
  author = {{Internal Analysis}},
  year = {2025},
  note = {Based on vendor pricing and education discounts}
}

@misc{fortinetk12,
  title = {{K-12 Cybersecurity –Top Internet Security Software | Fortinet}},
  author = {{Fortinet}},
  howpublished = {\url{https://www.fortinet.com/solutions/industries/education/k12}},
  year = {2024},
  note = {Accessed: 2025}
}

@misc{fortinetcipawhitepaper,
  title = {{Meeting CIPA compliance with Fortinet}},
  author = {{Fortinet}},
  howpublished = {\url{https://www.govconnection.com/media/evjjond4/713995-fortinet-k12-cipa-compliance-solution-brief.pdf}},
  year = {2024},
  note = {Accessed: 2025}
}

@misc{splunkpaloalto,
  title = {{Splunk App for Palo Alto Networks}},
  author = {{Splunk}},
  year = {2024},
  note = {Integration for log analysis and visualization}
}

@misc{wildfire2024,
  title = {{WildFire Malware Analysis Service}},
  author = {{Palo Alto Networks}},
  year = {2024},
  note = {Cloud-based malware analysis with 5-minute signature updates}
}

@misc{paloaltourl2024,
  title = {{Advanced URL Filtering}},
  author = {{Palo Alto Networks}},
  year = {2024},
  note = {ML-powered URL categorization service}
}

@misc{paloaltoappid2024,
  title = {{App-ID Technology}},
  author = {{Palo Alto Networks}},
  year = {2024},
  note = {Application identification and control technology}
}

@misc{fortigate600fpdfseries,
  title = {{FortiGate 600F Series Data Sheet}},
  author = {{Fortinet}},
  howpublished = {\url{https://www.enbitcon.com/media/79/c3/82/1659335969/fortigate-600f-series.pdf}},
  year = {2024},
  note = {Accessed: 2025}
}